<record><leader>00000cas a22000007a 4500</leader><controlfield tag="001">13032827</controlfield><controlfield tag="008">860117d18901943wvuwr ne      0    0eng d</controlfield><datafield ind1=" " ind2=" " tag="010"><subfield code="a">sn 86092048 </subfield></datafield><datafield ind1=" " ind2=" " tag="040"><subfield code="a">WVC</subfield><subfield code="b">eng</subfield><subfield code="c">WVC</subfield><subfield code="d">OCL</subfield><subfield code="d">OCLCQ</subfield></datafield><datafield ind1=" " ind2=" " tag="042"><subfield code="a">msc</subfield></datafield><datafield ind1="0" ind2="0" tag="245"><subfield code="a">McDowell recorder.</subfield></datafield><datafield ind1=" " ind2=" " tag="260"><subfield code="a">Welch, W. Va. :</subfield><subfield code="b">Recorder Publ. Co.</subfield></datafield><datafield ind1=" " ind2=" " tag="300"><subfield code="a">v.</subfield></datafield><datafield ind1=" " ind2=" " tag="310"><subfield code="a">Weekly</subfield></datafield><datafield ind1="1" ind2=" " tag="362"><subfield code="a">Began in 1890?; ceased in 1943?</subfield></datafield><datafield ind1=" " ind2=" " tag="500"><subfield code="a">Began publication in Elkhorn, W. Va.</subfield></datafield><datafield ind1=" " ind2=" " tag="580"><subfield code="a">Preceded by: McDowell progress (non-extant).</subfield></datafield><datafield ind1=" " ind2=" " tag="588"><subfield code="a">Description based on: Vol. 5 (Aug. 3, 1895).</subfield></datafield><datafield ind1=" " ind2=" " tag="752"><subfield code="a">United States</subfield><subfield code="b">West Virginia</subfield><subfield code="c">McDowell</subfield><subfield code="d">Welch.</subfield></datafield><datafield ind1="0" ind2=" " tag="775"><subfield code="t">Welch daily news</subfield><subfield code="w">(DLC)sn 86092051</subfield></datafield><datafield ind1="1" ind2="0" tag="780"><subfield code="t">McDowell progress</subfield></datafield></record>